@Article{UNKNOWN,
title = {This is an unknown article},
author = {Unknown Author},
journal = {Unknown Journal},
volume = {xx},
number = {y},
pages = {mm--nn},
year = {yyyy}
}

@Article{Chaetal2009,
title = {A Model of {N}a$^{+}$/{H}$^{+}$ Exchanger and Its Central
                  Role in Regulation of p{H} and {N}a$^{+}$ in Cardiac
                  Myocytes},
author = {Chae Young Cha and Chiaki Oka and Yung E. Earm and Shigeo
                  Wakabayashi and Akinori Noma},
volume = {97},
pages = {2674--2683},
year = {2009}
}

@Article{Chuetal2006,
title = {In Vitro Exposure to 0.5\% Bupivacaine Is Cytotoxic to Bovine
                  Articular Chondrocytes},
author = {Constance R. Chu and Nicholas J. Izzo and Nicole E. Papas and Freddie H. Fu},
journal = {Arthroscopy: The Journal of Arthroscopic and Related Surgery},
volume = {22},
number = {7},
pages = {693--699},
year = {2006}
}

@Article{Clarketal2011,
title = {Two-pore {K}$^{+}$ channels contribute to membrane potential
                  of isolated human articular chondrocytes},
author = {R. B. Clark and C. Kondo and W. R. Giles},
journal = {Unknown Journal},
volume = {xx},
number = {y},
pages = {mm--nn},
year = {yyyy}
}

@Article{Halletal1996,
title = {The cellular physiology of articular cartilage},
author = {Andrew C. Hall and Elizabeth R. Horwitz and Robert J. Wilkins},
journal = {Experimental Physiology},
volume = {81},
pages = {535--545},
year = {1996}
}

@Article{Maleckaretal2009,
title = {{K}$^{+}$ current changes account for the rate dependence of
                  the action potential in the human atrial myocyte},
author = {M. M. Maleckar and J. L. Greenstein and W. R. Giles and
                  N. A. Trayanova},
journal = {Am. J. Physiol Heart Circ. Physiol.},
volume = {297},
pages = {1398--1410},
year = {2009}
}

@Article{Nygrenetal1998,
title = {Mathematical Model of an Adult Human Atrial Cell: The Role of
                  {K}$^{+}$ Currents in Repolarization},
author = {A. Nygren and C. Fiset and L. Firek and J. W. Clark and
                  D. S. Lindblad and R. B. Clark and W. R. Giles},
journal = {Circ. Res.},
volume = {82},
pages ={63--81},
year = {1998}
}

